% ===============================================================
%   Bibliography for CoupledField3D v8.0 (FINAL & FULLY RESTORED)
% ===============================================================

% --- Our Previous Works (Restored to the successful robust format) ---
@article{Konno2025v7,
  title={{A 3D Mathematical Model of a Dynamically Coupled Field Inspired by Operator Algebras: VII. Thermodynamically Consistent 3D Hybrid Model and Its Emergent Properties}},
  author={Konno, Toshiya},
  journal={Zenodo},
  year={2025},
  doi={10.5281/zenodo.17083406}
}

@article{Konno2025v6,
  author       = {Konno, Toshiya},
  title        = {{A 3D Mathematical Model of a Dynamically Coupled Field Inspired by Operator Algebras: VI. Reassessment of Stochastic Resonance and Identification of Noise-Renormalized Nonlinear Transduction}},
  journal      = {Zenodo},
  year         = {2025},
  doi          = {10.5281/zenodo.16946249}
}

% --- Foundational Theory of the Model ---
@article{Blakie2008,
  title={{Dynamics and statistical mechanics of ultra-cold Bose gases using c-field techniques}},
  author={Blakie, P. B. and Bradley, A. S. and Davis, M. J. and Ballagh, R. J. and Gardiner, C. W.},
  journal={Advances in Physics},
  volume={57},
  number={5},
  pages={363--455},
  year={2008},
  doi={10.1080/00018730802564254}
}

% --- Foundational Theory for the Analysis ---
@book{Landau1980,
  title={{Statistical Physics, Part 1}},
  author={Landau, L. D. and Lifshitz, E. M.},
  volume={5},
  series={Course of Theoretical Physics},
  edition={3rd},
  publisher={Pergamon Press},
  year={1980}
}

@article{Fisher1972,
  title={{Scaling theory for finite-size effects in the critical region}},
  author={Fisher, M. E. and Barber, M. N.},
  journal={Physical Review Letters},
  volume={28},
  number={23},
  pages={1516--1519},
  year={1972},
  doi={10.1103/PhysRevLett.28.1516}
}

% --- Experimental Context and Proposals ---
@article{Grimm2000,
  title={{Optical dipole traps for neutral atoms}},
  author={Grimm, R. and Weidem{\"u}ller, M. and Ovchinnikov, Y. B.},
  journal={Advances in Atomic, Molecular, and Optical Physics},
  volume={42},
  pages={95--170},
  year={2000},
  doi={10.1016/S1049-250X(08)60186-X}
}

@article{Weissman1988,
  title={{1/f noise and other slow, nonexponential kinetics in condensed matter}},
  author={Weissman, M. B.},
  journal={Reviews of Modern Physics},
  volume={60},
  number={2},
  pages={537--571},
  year={1988},
  doi={10.1103/RevModPhys.60.537}
}