@article{Benzi1981,
  author = {Benzi, R. and Sutera, A. and Vulpiani, A.},
  title = {The mechanism of stochastic resonance},
  journal = {J. Phys. A},
  year = {1981},
  volume = {14},
  pages = {L453--L457}
}
@article{Gammaitoni1998,
  author = {Gammaitoni, L. and H{\"a}nggi, P. and Jung, P. and Marchesoni, F.},
  title = {Stochastic resonance},
  journal = {Rev. Mod. Phys.},
  year = {1998},
  volume = {70},
  pages = {223--287}
}
@article{Lindner2004,
  author = {Lindner, B. and Garc{\'i}a-Ojalvo, J. and Neiman, A. and Schimansky-Geier, L.},
  title = {Effects of noise in excitable systems},
  journal = {Physics Reports},
  year = {2004},
  volume = {392},
  pages = {321--424}
}
@book{Gelb1968,
  author = {Gelb, A. and Vander Velde, W. E.},
  title = {Multiple-Input Describing Functions and Nonlinear System Design},
  publisher = {McGraw-Hill},
  year = {1968}
}
@book{Khalil2002,
  author = {Khalil, H. K.},
  title = {Nonlinear Systems},
  edition = {3rd},
  publisher = {Prentice Hall},
  year = {2002}
}
@article{Bradley2008,
  author  = {Bradley, A. S. and Gardiner, C. W. and Davis, M. J.},
  title   = {Bose--{E}instein condensation from a rotating thermal cloud},
  journal = {Phys. Rev. A},
  year    = {2008},
  volume  = {77},
  pages   = {033616}
}
@article{Welch1967,
  author = {Welch, P. D.},
  title = {The use of fast {F}ourier transform for the estimation of power spectra: A method based on time averaging over short, modified periodograms},
  journal = {IEEE Trans. Audio Electroacoust.},
  year = {1967},
  volume = {15},
  pages = {70--73}
}
@book{BendatPiersol2010,
  author = {Bendat, J. S. and Piersol, A. G.},
  title = {Random Data: Analysis and Measurement Procedures},
  edition = {4th},
  publisher = {Wiley},
  year = {2010}
}
@article{Kendall1938,
  author = {Kendall, M. G.},
  title = {A New Measure of Rank Correlation},
  journal = {Biometrika},
  year = {1938},
  volume = {30},
  pages = {81--93}
}
@article{Sen1968,
  author = {Sen, P. K.},
  title =  {Estimates of the regression coefficient based on {Kendall}'s tau},
  journal = {J. Amer. Statist. Assoc.},
  year = {1968},
  volume = {63},
  pages = {1379--1389}
}
@article{Efron1979,
  author = {Efron, B.},
  title = {Bootstrap methods: Another look at the jackknife},
  journal = {Ann. Statist.},
  year = {1979},
  volume = {7},
  pages = {1--26}
}